% SPDX-License-Identifier: CC-BY-SA-4.0
%
% Copyright (c) 2023 Nelson Vieira
%
% at author Nelson Vieira <nelson0.vieira at gmail.com>
% at license CC-BY-SA-4.0 <https://creativecommons.org/licenses/by-sa/4.0/legalcode.txt>
