% SPDX-License-Identifier: CC-BY-4.0
%
% Copyright (c) 2024 Nelson Vieira
%
% author Nelson Vieira <2080511 at student.uma.pt>
% license CC-BY-4.0 <https://creativecommons.org/licenses/by/4.0/legalcode.txt>
@article{brooke1996sus,
    title={{SUS}: a ``quick and dirty'' usability scale},
    author={Brooke, John},
    journal={Usability evaluation in industry},
    volume={189},
    number={3},
    pages={189--194},
    year={1996},
    publisher={Taylor \& Francis}
}

@misc{francisco2018sus,
    author       = {Francisco Maria Calisto},
    title        = {MIMBCD-UI/sus: v1.0.0-alpha},
    month        = sep,
    year         = 2018,
    doi          = {10.5281/zenodo.1435044},
    url          = {https://doi.org/10.5281/zenodo.1435044}
}
